@article{Brivio:2017ije,
    author = "Brivio, I. and Gavela, M. B. and Merlo, L. and Mimasu, K. and No, J. M. and del Rey, R. and Sanz, V.",
    title = "{ALPs Effective Field Theory and Collider Signatures}",
    eprint = "1701.05379",
    archivePrefix = "arXiv",
    primaryClass = "hep-ph",
    reportNumber = "IFT-UAM-CSIC-16-141, KCL-PH-TH-2016-72, FTUAM-16-49, CP3-17-04",
    doi = "10.1140/epjc/s10052-017-5111-3",
    journal = "Eur. Phys. J. C",
    volume = "77",
    number = "8",
    pages = "572",
    year = "2017"
}
@article{Bonilla:2021ufe,
    author = "Bonilla, J. and Brivio, I. and Gavela, M. B. and Sanz, V.",
    title = "{One-loop corrections to ALP couplings}",
    eprint = "2107.11392",
    archivePrefix = "arXiv",
    primaryClass = "hep-ph",
    reportNumber = "IFT-UAM/CSIC-21-82",
    doi = "10.1007/JHEP11(2021)168",
    journal = "JHEP",
    volume = "11",
    pages = "168",
    year = "2021"
}
@article{Mimasu:2014nea,
    author = "Mimasu, Ken and Sanz, Ver\'onica",
    title = "{ALPs at Colliders}",
    eprint = "1409.4792",
    archivePrefix = "arXiv",
    primaryClass = "hep-ph",
    doi = "10.1007/JHEP06(2015)173",
    journal = "JHEP",
    volume = "06",
    pages = "173",
    year = "2015"
}
@article{Gavela:2019cmq,
    author = "Gavela, M. B. and No, J. M. and Sanz, V. and de Troc\'oniz, J. F.",
    title = "{Nonresonant Searches for Axionlike Particles at the LHC}",
    eprint = "1905.12953",
    archivePrefix = "arXiv",
    primaryClass = "hep-ph",
    doi = "10.1103/PhysRevLett.124.051802",
    journal = "Phys. Rev. Lett.",
    volume = "124",
    number = "5",
    pages = "051802",
    year = "2020"
}

@article{ATLAS:2021hza,
    author = "Aad, Georges and others",
    collaboration = "ATLAS",
    title = "{Search for new phenomena in events with two opposite-charge leptons, jets and missing transverse momentum in pp collisions at $ \sqrt{\mathrm{s}} $ = 13 TeV with the ATLAS detector}",
    eprint = "2102.01444",
    archivePrefix = "arXiv",
    primaryClass = "hep-ex",
    reportNumber = "CERN-EP-2020-243",
    doi = "10.1007/JHEP04(2021)165",
    journal = "JHEP",
    volume = "04",
    pages = "165",
    year = "2021"
}
@article{ATLAS:2020xzu,
    author = "Aad, Georges and others",
    collaboration = "ATLAS",
    title = "{Search for new phenomena with top quark pairs in final states with one lepton, jets, and missing transverse momentum in $pp$ collisions at $ \sqrt{s} $ = 13 TeV with the ATLAS detector}",
    eprint = "2012.03799",
    archivePrefix = "arXiv",
    primaryClass = "hep-ex",
    reportNumber = "CERN-EP-2020-177",
    doi = "10.1007/JHEP04(2021)174",
    journal = "JHEP",
    volume = "04",
    pages = "174",
    year = "2021"
}
